<record><leader>00000cas a2200000 a 4500</leader><controlfield tag="001">22806816</controlfield><controlfield tag="008">901207d19692002maudn ne      0   a0eng d</controlfield><datafield ind1=" " ind2=" " tag="010"><subfield code="a">sn 89062562 </subfield></datafield><datafield ind1=" " ind2=" " tag="040"><subfield code="a">MGN</subfield><subfield code="b">eng</subfield><subfield code="c">MGN</subfield><subfield code="d">NSD</subfield><subfield code="d">MGN</subfield><subfield code="d">CUI</subfield><subfield code="d">OCLCQ</subfield><subfield code="d">OCLCA</subfield><subfield code="d">OCLCF</subfield></datafield><datafield ind1=" " ind2=" " tag="012"><subfield code="l">1</subfield><subfield code="m">1</subfield></datafield><datafield ind1="1" ind2=" " tag="022"><subfield code="a">1064-0606</subfield><subfield code="l">1064-0606</subfield><subfield code="2">1</subfield></datafield><datafield ind1="1" ind2=" " tag="029"><subfield code="a">AU@</subfield><subfield code="b">000025851593</subfield></datafield><datafield ind1=" " ind2=" " tag="032"><subfield code="a">477600</subfield><subfield code="b">USPS</subfield></datafield><datafield ind1=" " ind2=" " tag="037"><subfield code="b">The Salem Evening News, 155 Washington St., Salem, MA 01970</subfield></datafield><datafield ind1=" " ind2=" " tag="042"><subfield code="a">msc</subfield><subfield code="a">nsdp</subfield></datafield><datafield ind1=" " ind2=" " tag="043"><subfield code="a">n-us-ma</subfield></datafield><datafield ind1=" " ind2="4" tag="050"><subfield code="a">AN</subfield></datafield><datafield ind1="0" ind2=" " tag="130"><subfield code="a">Salem evening news (Salem, Mass. : 1969)</subfield></datafield><datafield ind1=" " ind2="4" tag="222"><subfield code="a">The Salem evening news</subfield><subfield code="b">(Salem, Mass. 1969)</subfield></datafield><datafield ind1="1" ind2="4" tag="245"><subfield code="a">The Salem evening news.</subfield></datafield><datafield ind1=" " ind2=" " tag="260"><subfield code="a">Salem, Mass. :</subfield><subfield code="b">[s.n.]</subfield></datafield><datafield ind1=" " ind2=" " tag="300"><subfield code="a">v.</subfield></datafield><datafield ind1=" " ind2=" " tag="310"><subfield code="a">Daily (except Sun., holidays),</subfield><subfield code="b">&lt;June 27, 1992-&gt;</subfield></datafield><datafield ind1=" " ind2=" " tag="321"><subfield code="a">Daily (except Sun.),</subfield><subfield code="b">Apr. 2, 1969-</subfield></datafield><datafield ind1="0" ind2=" " tag="362"><subfield code="a">Apr. 2, 1969-</subfield></datafield><datafield ind1="1" ind2=" " tag="362"><subfield code="a">Ceased in Aug. 2002?</subfield></datafield><datafield ind1=" " ind2=" " tag="500"><subfield code="a">Publisher varies: Salem News Pub. Co, &lt;June 27, 1992-&gt;</subfield></datafield><datafield ind1=" " ind2=" " tag="515"><subfield code="a">Issues for &lt;June 27, 1992-&gt; also carry numbering: &lt;Vol. 112, no. 216-&gt;</subfield></datafield><datafield ind1=" " ind2="0" tag="651"><subfield code="a">Salem (Mass.)</subfield><subfield code="v">Newspapers.</subfield></datafield><datafield ind1=" " ind2="7" tag="655"><subfield code="a">Newspapers.</subfield><subfield code="2">fast</subfield><subfield code="0">(OCoLC)fst01423814</subfield></datafield><datafield ind1=" " ind2="7" tag="651"><subfield code="a">Massachusetts</subfield><subfield code="z">Salem.</subfield><subfield code="2">fast</subfield><subfield code="0">(OCoLC)fst01205839</subfield></datafield><datafield ind1=" " ind2=" " tag="752"><subfield code="a">United States</subfield><subfield code="b">Massachusetts</subfield><subfield code="c">Essex</subfield><subfield code="d">Salem.</subfield></datafield><datafield ind1="0" ind2="0" tag="780"><subfield code="t">Evening news (Salem, Mass.)</subfield><subfield code="w">(DLC)sn 89062561</subfield><subfield code="w">(OCoLC)22806784</subfield></datafield><datafield ind1="0" ind2="5" tag="780"><subfield code="t">Beverly times (Beverly, Mass. : 1964)</subfield><subfield code="w">(DLC)sn 89062027</subfield><subfield code="w">(OCoLC)19730555</subfield></datafield><datafield ind1="0" ind2="5" tag="780"><subfield code="t">Peabody times</subfield><subfield code="w">(DLC)sn 89062028</subfield><subfield code="w">(OCoLC)19715519</subfield></datafield><datafield ind1="0" ind2="0" tag="785"><subfield code="t">Salem news (Salem, Mass.)</subfield><subfield code="x">1064-0606</subfield><subfield code="w">(OCoLC)173614024</subfield></datafield></record>